Record 1
LDR  00759nam  2200229Ia 45  
005  19950306000000.0
008  950217s1994    ctu      b    001 0 eng d
010       $a 94060806
020       $a 0936285230
035       $a (OCoLC)32009005
040       $a NED $c NED $d CUZ
043       $a n-us---
049       $a CUZA
090       $a E872 $b .M238 1994
100  1    $a Maga, Timothy P., $d 1952-
245  14   $a The world of Jimmy Carter : $b U.S. foreign policy, 1977-1981 / $c Timothy P. Maga.
260       $a West Haven, Conn. : $b University of New Haven Press, $c c1994.
300       $a xi, 189 p. ; $c 21 cm.
500       $a UCSC MONO: NO 920 FLD (NO LOC): NO 852 CREATED, REJECT (02/06).
600  10   $a Carter, Jimmy, $d 1924-
651   0   $a United States $x Foreign relations $y 1977-1981.
901       $a SCB $b 18300923

Record 2
