LDR  00822nas  2200229Ia 45  
005  19950421000000.0
008  850702d17811783nyuuu n a     0   a0eng d
035       $a (OCoLC)12227186
040       $a VA@ $c VA@ $d CUZ
049       $a CUZF
099       $a Microfilm
099       $a Microfilm
245  04   $a The Pennsylvania evening post, and public advertiser $h [microform]
260       $a Philadelphia [Pa.] : $b B. Towne, $c 1781-1783.
300       $a 3 v.
310       $a Semiweekly.
362  0    $a Vol. 7, no. 760 (Aug. 3, 1781)-v. 9, no. 906 (May 19, 1783)
500       $a UCSC PE: NO 850 $b (LOC CODE): NO 852 CREATED, REJECT (02/06).
780  00   $t Pennsylvania evening post $w (OCoLC) 12227152.
785  00   $t Pennsylvania evening post, and daily advertiser $w (OCoLC) 12227170.
752       $a United States $b Pennsylvania $d Philadelphia.
901       $a SCB $b 1809207x

Record 5
