LDR  00750 as  2200229 a 45  
005  19960307000000.0
008  810630s1968                  0   0 eng  
022  0    $a 0016-4842
030       $a ACHRE4
040       $a MUL $c MUL $d SUL $d OCL $d HUL $d COO $d NSD $d HUL $d NSD $d m.c.
049       $a CUZA
090       $a QD1.A264
098       $n ov=.b2287225
245  00   $a Accounts of chemical research.
260       $a [Easton, Pa.] $b American Chemical Society.
222   0   $a Accounts of chemical research.
300       $a v. $b ill. $c 29 cm. monthly.
362  0    $a v. 1-   Jan. 1968-
500       $a UCSC PE: 4 850 LOCS; ALL 4 BEGIN WITH 'x': DO NOT OUTPUT ANY 852'S; REJECT (02/06).
650   0   $a Chemistry $x Research $x Periodicals.
710  20   $a American Chemical Society.
901       $a SCB $b 15071820

Record 7
