LDR  00478 as  2200169 a 45  
005  19960307000000.0
008  711124s0000                  0   0 eng00
022       $a 0001-8708
090       $a QA1.A3
098       $n ov=.b2288813
245  00   $a Advances in mathematics.
260       $a New York, Academic Press.
300       $a v.
362       $a v.1; 1961-
500       $a UCSC PE: 4 920 LOCS; ALL 4 BEGIN 'x'; DO NOT OUTPUT 852'S; REJECT (02/06).
650   0   $a Mathematics $x Periodicals.
901       $a SCB $b 15073373

Record 8
