LDR  00884 as  2200265 a 45  
005  19971216000000.0
008  870120s1986                  0   0 eng  
010       $a 86-645169
022  0    $a 0886-4179
035       $a (OCoLC)12884328
040       $a NSD $c NSD $d OCL $d NSD $d DLC $d NST
049       $a CUZA
090       $a Z6941.S38
098       $n ov=.b2476836
130  0    $a Serials directory (Birmingham, Ala.)
222   4   $a The serials directory $b (Birmingham, Ala.)
245  14   $a The serials directory : $b an international reference book.
260       $a Birmingham, Ala. : $b EBSCO, $c c1986-.
300       $a v. ; $c 28 cm.
310       $a Annual.
362  0    $a 1986-.
500       $a UCSC PE: ONE LOC IN 850 $b; $f = '1'; LOC CODE BEGINS WITH 'x'; DO NOT OUTPUT ANY 852'S - REJECT (02/06).
650   0   $a Serial publications $x Bibliography $x Periodicals.
650   0   $a Periodicals $x Directories.
901       $a SCB $b 15251500

Record 10
