LDR  00667 as  2200217oa 45  
005  19971208000000.0
008  860821s19uu                  0   0 eng  
022       $a 0737-951x
035       $a (OCoLC)14082977
040       $a CUZ $c CUZ
049       $a CUZA
090       $a QA76.9.D3D26
098       $n ov=.b2473495
245  00   $a Database alert.
260       $a White Plains, N.Y. : $b Knowledge Industry Publications.
300       $a v. ; $c 28 cm.
500       $a UCSC PE: ONE LOC IN 850 $b; $f = '0'; DO NOT OUTPUT ANY 852'S - REJECT (02/06).
650   0   $a Database management $x Periodicals.
650   0   $a Computer service industry $x Directories.
780  00   $t Data base alert.
901       $a SCB $b 15248434

Record 11
