LDR  00583 as  2200169 a 45  
005  19971120000000.0
008  770621s1975                  0   0 eng  
022       $a 0360-5280
090       $a QA76.5.A1B9
098       $n ov=.b2308897
245  00   $a Byte.
260       $a Peterborough, N.H., $b Byte Publications [etc.]
300       $a v. ill. monthly.
362       $a v.1-    Sept. 1975-    .
500       $a UCSC PE: LOCS TAKEN FROM 850S: 1ST 850 HAS $f THAT IS NOT '1', 2ND 850 $b IS A LOC BEGINNING WITH 'x'. DO NOT OUTPUT ANY 852'S, REJECT (02/06).
650       $a Minicomputers $x Periodicals.
901       $a SCB $b 15092537

Record 12
