LDR  00905pam  2200289 a 45  
001  30701071
003  OCoLC
005  19940512162150.0
008  940614s1994    lau          s001 0 eng  
010       $a 94028320
020       $a 0807119164 (acid-free paper)
040       $a DLC $c DLC $d CUZ
043       $a n-us---
049       $a CUZA
050  00   $a E868 $b .A53 1994
100  1    $a Anderson, Patrick, $d 1936-
245  10   $a Electing Jimmy Carter : $b the campaign of 1976 / $c Patrick Anderson.
260       $a Baton Rouge : $b Louisiana State University Press, $c c1994.
300       $a 180 p. ; $c 24 cm.
500       $a UCSC: 901 $a HAS NO RECORD ID NUMBER - REJECT (04/02).
600  10   $a Carter, Jimmy, $d 1924-
650   0   $a Presidents $z United States $x Election $y 1976.
651   0   $a United States $x Politics and government $y 1974-1977.
901       $a UCSC  $b ms    $c x
902       $a 950316
999       $b 1 $c 950316 $d m $e a $f - $g 0
920       $l mstax

Record 13
