LDR  00646 as  2200193 a 45  
008  760511s1947                  0   0 eng  
090       $a QA1.S93
110  2    $a American Mathematical Society.
245  10   $a Proceedings of symposia in applied mathematics.
260       $a Providence, R.I. [etc.]
300       $a v. illus.
362       $a v.1-    1947-    .
500       $a UCSC: 901 $a HAS NO INPUT SOURCE, SOURCE CAN'T BE DETERMINED - REJECT (06/02).
650       $a Mathematics $x Societies, etc.
650       $a Mathematical physics $x Societies, etc.
850       $b sstax $d - $3 a $f 1 $h 1(1947)-
901       $a 15078140 $b ss    $c -
902       $a 020509
999       $b 1 $c 941201 $d s $e s $f - $g 0

Record 14
